%% This BibTeX bibliography file was created using BibDesk.
%% http://bibdesk.sourceforge.net/

%% Created for Jacob Milligan at 2017-04-18 01:08:40 +1000 


%% Saved with string encoding Unicode (UTF-8) 



@article{idas,
	Acmid = {4436},
	Address = {Essex, UK},
	Author = {Korf, Richard E.},
	Date-Added = {2017-04-17 15:08:36 +0000},
	Date-Modified = {2017-04-17 15:08:40 +0000},
	Doi = {10.1016/0004-3702(85)90084-0},
	Issn = {0004-3702},
	Issue_Date = {Sept. 1985},
	Journal = {Artif. Intell.},
	Month = sep,
	Number = {1},
	Numpages = {13},
	Pages = {97--109},
	Publisher = {Elsevier Science Publishers Ltd.},
	Title = {Depth-first Iterative-deepening: An Optimal Admissible Tree Search},
	Url = {http://dx.doi.org/10.1016/0004-3702(85)90084-0},
	Volume = {27},
	Year = {1985},
	Bdsk-Url-1 = {http://dx.doi.org/10.1016/0004-3702(85)90084-0}}

@book{aiasa,
	Address = {USA},
	Author = {Jones, Tim},
	Date-Added = {2017-04-17 12:23:28 +0000},
	Date-Modified = {2017-04-17 12:23:39 +0000},
	Edition = {1st},
	Isbn = {0763773379, 9780763773373},
	Publisher = {Jones and Bartlett Publishers, Inc.},
	Title = {Artificial Intelligence: A Systems Approach},
	Year = {2008}}

@book{introalgos,
	Author = {Cormen, Thomas H. and Leiserson, Charles E. and Rivest, Ronald L. and Stein, Clifford},
	Date-Added = {2017-04-17 11:12:31 +0000},
	Date-Modified = {2017-04-17 11:12:36 +0000},
	Edition = {3rd},
	Isbn = {0262033844, 9780262033848},
	Publisher = {The MIT Press},
	Title = {Introduction to Algorithms, Third Edition},
	Year = {2009}}

@article{astar,
	Author = {P. E. Hart and N. J. Nilsson and B. Raphael},
	Date-Added = {2017-04-17 10:07:17 +0000},
	Date-Modified = {2017-04-17 10:07:28 +0000},
	Doi = {10.1109/TSSC.1968.300136},
	Issn = {0536-1567},
	Journal = {IEEE Transactions on Systems Science and Cybernetics},
	Keywords = {Automatic control;Automatic programming;Chemical technology;Costs;Functional programming;Gradient methods;Instruction sets;Mathematical programming;Minimax techniques;Minimization methods},
	Month = {July},
	Number = {2},
	Pages = {100-107},
	Title = {A Formal Basis for the Heuristic Determination of Minimum Cost Paths},
	Volume = {4},
	Year = {1968},
	Bdsk-Url-1 = {http://dx.doi.org/10.1109/TSSC.1968.300136}}

@electronic{redblob,
	Author = {Amit Patel},
	Date-Added = {2017-04-14 11:25:33 +0000},
	Date-Modified = {2017-04-14 11:26:33 +0000},
	Lastchecked = {14/04/2017},
	Month = {May},
	Title = {Introduction To A*},
	Url = {http://www.redblobgames.com/pathfinding/a-star/introduction.html},
	Year = {2014},
	Bdsk-Url-1 = {http://www.redblobgames.com/pathfinding/a-star/introduction.html}}

@book{aiama,
	Address = {Edinburgh Gate, Harlow, Essex, England},
	Author = {Stuart Russell and Peter Norvig},
	Date-Added = {2017-04-14 11:09:31 +0000},
	Date-Modified = {2017-04-14 11:17:03 +0000},
	Edition = {3rd Edition},
	Publisher = {Pearson Education Limited},
	Title = {Artificial Intelligence: A Modern Approach},
	Year = {2010}}
